\cite{Mccarthy-561,傅海伦-548,宋方钦-553,郝宁湘郭贵春-556,BlazyDargaye-554,KleinElphinstone-522,SewellMyreen-527,KleinAndronick-523,SongWang-530,宋丽华王海涛-529,EberlHaslbeck-519,BentkampBlanchette-518,NipkowBrinkop-524,BentkampBlanchette-591,江南李清安-517,QianJin-526,陈磊李雅静-555,高猛滕俊元-564,王跃东熊焰-565}